<?xml version="1.0" encoding="UTF-8"?>
<collection xmlns:xsi="http://www.w3.org/2001/XMLSchema-instance" xsi:schemaLocation="http://www.loc.gov/MARC21/slim http://www.loc.gov/standards/marcxml/schema/MARC21slim.xsd" xmlns="http://www.loc.gov/MARC21/slim">
<record>
  <leader>01462cam a22001935a 4500</leader>
  <controlfield tag="001">9628393</controlfield>
  <controlfield tag="003">NNC</controlfield>
  <controlfield tag="005">20160718183044.0</controlfield>
  <controlfield tag="008">120827s1952    ua            000 0 ara d</controlfield>
  <datafield tag="035" ind1=" " ind2=" ">
    <subfield code="a">(NNC)9628393</subfield>
  </datafield>
  <datafield tag="040" ind1=" " ind2=" ">
    <subfield code="a">NNC</subfield>
    <subfield code="b">eng</subfield>
    <subfield code="d">NNC</subfield>
  </datafield>
  <datafield tag="100" ind1="1" ind2=" ">
    <subfield code="6">880-01</subfield>
    <subfield code="a">Qāḍī, ʻAbd al-Fattāḥ.</subfield>
  </datafield>
  <datafield tag="245" ind1="1" ind2="0">
    <subfield code="6">880-02</subfield>
    <subfield code="a">Tārīkh al muṣḥaf al-sharīf :</subfield>
    <subfield code="b">al-kitābah al-ʻArabīyah, kitābat al-Qurʼān fī al-ʻahd al-nabawī, jamʻuhu fī ʻaṣray Abī Bakr wa-ʻUthmān, al-maṣāḥif fī ʻaṣr al-ṣaḥābah, al-maṣāḥif al-ʻUthmānīyah naqṭ al-maṣāḥif wa-shakluhā, mā yajibu ʻalá kātib al-muṣḥaf, al-maṣāḥif fī dūr al-ṭibāʻah /</subfield>
    <subfield code="c">taʼlīf ʻAbd al-Fattḥ̄ al-Qāḍī.</subfield>
  </datafield>
  <datafield tag="260" ind1=" " ind2=" ">
    <subfield code="6">880-03</subfield>
    <subfield code="a">Miṣr :</subfield>
    <subfield code="b">Yuṭlabu min Maktabat al-Jundī,</subfield>
    <subfield code="c">[1952]</subfield>
  </datafield>
  <datafield tag="300" ind1=" " ind2=" ">
    <subfield code="a">66 p. ;</subfield>
    <subfield code="c">17 cm.</subfield>
  </datafield>
  <datafield tag="880" ind1="1" ind2=" ">
    <subfield code="6">100-01/r</subfield>
    <subfield code="a">قاضي، عبد الفتاح.</subfield>
  </datafield>
  <datafield tag="880" ind1="1" ind2="0">
    <subfield code="6">245-02/r</subfield>
    <subfield code="a">تاريخ المصحف الشريف :</subfield>
    <subfield code="b">الكتابة العربية، كتابة القرآن في العهد النبوي، جمعه في عصري أبي بكر و عثمان، المصاحف في عصر الصحابة، المصاحف العثمانية نقط المصاحف و شكلها، ما يجب على كاتب المصحف، المصاحف في دور الطباعة /</subfield>
    <subfield code="c">تأليف عبد الفتح القاضي.</subfield>
  </datafield>
  <datafield tag="880" ind1=" " ind2=" ">
    <subfield code="6">260-03/r</subfield>
    <subfield code="a">مصر :</subfield>
    <subfield code="b">يطلب من مكتبة الجندي،</subfield>
    <subfield code="c">[1952]</subfield>
  </datafield>
  <datafield tag="955" ind1=" " ind2=" ">
    <subfield code="b">CU90459130</subfield>
    <subfield code="d">off,glx</subfield>
    <subfield code="e">2AUG 28393</subfield>
  </datafield>
</record>
</collection>